ISA*00*          *00*          *ZZ*432590001      *ZZ*133052274      *220826*1230*^*00501*000222380*0*P*:~GS*HP*432590001*133052274*20220826*123004*21658*X*005010X221A1~ST*835*010021658~BPR*I*19.87*C*CHK************20220314~TRN*1*1000009896*1453706770*1220121120119896~REF*EV*133052274~REF*F2*PB19896~DTM*405*20220314~N1*PR*VALOR HEALTH PLAN~N3*P.O. BOX 6560;SPRING HILL; FL ;34611~N4*SPRING HILL*FL*34611~PER*BL*VALOR HEALTH PLAN HELPDESK*TE*8004853793~N1*PE*UMSXZKRM NXK VVSR CBN*FI*347683476~N3*K ODC NB XSKBYV 43036~N4*NODCWVY RDBYX*RY*856930377~LX*1~CLP*24285E27123*1*57.00*19.71*4.93*MB*P0021010800055*21~NM1*QC*1*RBXMR*XBNLVSG*V***MI*5143336VF~NM1*82*1*MXS UMSXZKRM NXK VVSR CBN*****XX*5882551784~REF*1L*G00007~DTM*232*20201120~DTM*233*20201120~DTM*050*20210107~AMT*I*.16~SVC*HC:85060*57.00*19.71**1~DTM*472*20201120~CAS*PR*2*4.93~CAS*CO*45*32.36~REF*6R*24285E27123L1~AMT*B6*24.64~PLB*347683476*20221231*L6*-0.16~SE*30*010021658~GE*1*21658~IEA*1*000222380~